@inbook{sastry2013nonlinear,
  title={Nonlinear Systems: Analysis, Stability, and Control},
  author={Sastry, S.},
  isbn={9781475731088},
  lccn={99011798},
  series={Interdisciplinary Applied Mathematics},
  %url={https://books.google.com.mx/books?id=j\_PiBwAAQBAJ},
  year={2013},
  publisher={Springer New York},
  pages = {17}
}

@inbook{drake2003galileo,
  title={Galileo at Work: His Scientific Biography},
  author={Drake, S.},
  isbn={9780486495422},
  lccn={95004646},
  series={Dover phoenix editions},
  %url={https://books.google.com.mx/books?id=OwOlRPbrZeQC},
  year={2003},
  publisher={Dover Publications},
  %note = {Accesado el 28 de octubre de 2019},
  pages = {21}
}

@article{bennet2002huygenclock,
author = {Bennett, Matthew and Schatz, Michael and Rockwood, Heidi and Wiesenfeld, Kurt},
year = {2002},
month = {03},
pages = {563},
title = {Huygens's clocks},
volume = {458},
journal = {Proceedings of The Royal Society A: Mathematical, Physical and Engineering Sciences},
doi = {10.1098/rspa.2001.0888}
}

@article{morrison1948quartzcrystalclock,
author = {Marrison, Warren A.},
year = {1948},
month = {07},
pages = {510-588},
title = {The evolution of the quartz crystal clock},
volume = {27},
journal = {The Bell System Technical Journal},
doi = { 10.1002/j.1538-7305.1948.tb01343.x}
}

@inbook{newton1803mathematical,
  title={The Mathematical Principles of Natural Philosophy},
  author={Newton, I. and Motte, A. and Davis, W. and Emerson, W. and Machin, J.},
  number={v. 1},
  lccn={31016851},
  series={The Mathematical Principles of Natural Philosophy},
  %url={https://books.google.com.mx/books?id=exwAAAAAQAAJ},
  % https://en.wikisource.org/wiki/The_Mathematical_Principles_of_Natural_Philosophy_(1729)
  year={1803},
  publisher={H.D. Symonds},
  pages = {14,15}
}

@inbook{díaz20183d,
  title={3D Motion of Rigid Bodies: A Foundation for Robot Dynamics Analysis},
  author={Olguín D{\'\i}az, E.},
  isbn={9783030042752},
  series={Studies in Systems, Decision and Control},
  %url={https://books.google.com.mx/books?id=9vt9DwAAQBAJ},
  year={2018},
  publisher={Springer International Publishing},
  pages = {101 - 143}
}

@inbook{susskind2014theoretical,
  title={The Theoretical Minimum: What You Need to Know to Start Doing Physics},
  author={Susskind, L. and Hrabovsky, G.},
  isbn={9780465038923},
  series={The Theoretical Minimum},
  %url={https://books.google.com.mx/books?id=dgicAgAAQBAJ},
  year={2014},
  publisher={Basic Books},
  pages = {96}
}

@article{Montague:399399,
      author        = {Montague, B. W.},
      title         = {Basic Hamiltonian mechanics},
      year          = {1995},
      url           = {https://cds.cern.ch/record/399399},
      doi           = {10.5170/CERN-1995-006.1},
}

@book{morin2008introduction,
  title={Introduction to Classical Mechanics: With Problems and Solutions},
  author={Morin, D.},
  isbn={9781139468374},
  url={https://books.google.com.mx/books?id=Ni6CD7K2X4MC},
  year={2008},
  publisher={Cambridge University Press}
}


@book{hamilton1834general,
  title={On a General Method in Dynamics},
  author={Hamilton, W.R.},
  url={https://www.maths.tcd.ie/pub/HistMath/People/Hamilton/Dynamics/},
  year={1834},
  publisher={The Royal Society},
  note= {Accesaso 2019-11-24}
}

@Unpublished{malham2016introduction,
 author = {Malham, S.J.A.},
 title = {An introduction to Lagrangianand Hamiltonian mechanics},
 note = {Accesado 2019-11-24},
 year = {2016},
 month = {08},
 day = {23},
 url = {https://www.macs.hw.ac.uk/~simonm/mechanics.pdf},

}
